@misc{dbeaz2018,
  author = {David Beazley},
  title = {\textit{Reinventing the Parser Generator}},
  howpublished = {Pycon 2018, \url{https://youtu.be/zJ9z6Ge-vXs}}
}

@misc{cantrill2017,
  author = {Bryan Cantrill},
  title = {\textit{Zebras All the Way Down}},
  howpublished = {Uptime 2017, \url{https://youtu.be/fE2KDzZaxvE}},
}

@misc{pyra_git,
  author = {Conor O'Brien},
  title = {Pyramid Scheme},
  howpublished = {GitHub repository, \url{https://github.com/ConorOBrien-Foxx/Pyramid-Scheme}},
  year = {2017},
}

@misc{pyra_esolang,
  title = {Pyramid Scheme},
  publisher = {Esolang wiki},
  howpublished = {\url{https://esolangs.org/wiki/Pyramid_Scheme}}
}

@misc{tio,
  title = {Try It Online!},
  howpublished = {\url{https://tio.run}}
}

@book{cooper2011,
  author = {Torczon, Linda and Cooper, Keith},
  title = {Engineering A Compiler},
  year = {2007},
  isbn = {012088478X},
  publisher = {Morgan Kaufmann Publishers Inc.},
  address = {San Francisco, CA, USA},
  edition = {2nd}
}

@misc{golf_se,
  title = {Code Golf Stackexchange},
  howpublished = {\url{https://codegolf.stackexchange.com}}
}

@misc{blen_git,
  author = {Blaine Rodgers},
  title = {blen},
  howpublished = {GitHub repository, \url{https://github.com/PaperclipBadger/high-octane-rumble-simulation-engine}},
  year = {2017},
  }

@misc{blow2020,
  author = {Jonathan Blow},
  title = {Making Programming Language Parsers},
  howpublished = {\url{https://youtu.be/MnctEW1oL-E}},
  year = {2020}
}

@misc{muratori2018,
  author = {Casey Muratori},
  title = {The Thirty Million Line Problem},
  howpublished = {\url{https://youtu.be/kZRE7HIO3vk}},
  year = {2018}
}

@misc{psnegation,
  author = {Conor O'Brien},
  title = {Pyramid Scheme Negation},
  howpublished = {\url{https://codegolf.stackexchange.com/questions/147513/pyramid-scheme-negation}}
}

@misc{smbc,
  author = {Zachary Weinersmith},
  title = {Ewok Village of Life},
  howpublished = {SMBC, \url{https://www.smbc-comics.com/comic/2012-04-08}}
}

@article{keeling2008,
  author = {Keeling, Patrick J. and Palmer, Jeffrey D.},
  title = {Horizontal gene transfer in eukaryotic evolution},
  year = {2008},
  journal = {Nature Reviews Genetics},
  page = {605-618},
  howpublished = {\url{https://doi.org/10.1038/nrg2386}}
}
